@misc{JUnit,
  title = {JUnit},
  howpublished = {\url{https://junit.org/junit5/}},
  note = {Accessed on 10-04-2021}
}
@misc{TestNG,
  title = {TestNG},
  howpublished = {\url{https://testng.org/doc/}},
  note = {Accessed on 10-04-2021}
}
@misc{Tiobe,
  title = {Tiobe index},
  howpublished = {\url{https://www.tiobe.com/tiobe-index/}},
  note = {Accessed on 11-04-2021}
}
@misc{Major,
  title = {Major mutation testing},
  howpublished = {\url{https://mutation-testing.org/downloads/}},
  note = {Accessed on 12-04-2021}
}
@misc{pit-releases,
  title = {PIT Release page},
  howpublished = {\url{https://github.com/hcoles/pitest/releases}},
  note = {Accessed on 12-04-2021}
}

@misc{pit,
  title = {PIT Homepage},
  howpublished = {\url{https://pitest.org/}},
  note = {Accessed on 12-04-2021}
}

@misc{pit+,
  title = {PIT Homepage},
  howpublished = {\url{https://github.com/LaurentTho3/ExtendedPitest}},
  note = {Accessed on 12-04-2021}
}

@misc{mujava,
  title = {MuJava},
  howpublished = {\url{https://cs.gmu.edu/~offutt/mujava/}},
  note = {Accessed on 12-04-2021}
}

@misc{maven,
  title = {Apache Maven},
  howpublished = {\url{https://maven.apache.org/}},
  note = {Accessed on 12-04-2021}
}.

@misc{gradle,
  title = {Gradle},
  howpublished = {\url{https://gradle.org/}},
  note = {Accessed on 12-04-2021}
}

@misc{github,
  title = {Github},
  howpublished = {\url{https://github.com/}},
  note = {Accessed on 15-04-2021}
}

