@article{Ji2009,
    title = {{A novel method of mutation clustering based on domain analysis}},
    year = {2009},
    journal = {Proceedings of the 21st International Conference on Software Engineering and Knowledge Engineering, SEKE 2009},
    author = {Ji, Changbin and Chen, Zhenyu and Xu, Baowen and Zhao, Zhihong},
    pages = {422--425},
    isbn = {1891706241}
}

@article{Yao2014,
    title = {{A study of equivalent and stubborn mutation operators using human analysis of equivalence}},
    year = {2014},
    journal = {Proceedings - International Conference on Software Engineering},
    author = {Yao, Xiangjuan and Harman, Mark and Jia, Yue},
    number = {1},
    pages = {919--930},
    volume = {1},
    isbn = {9781450327565},
    doi = {10.1145/2568225.2568265},
    issn = {02705257},
    keywords = {Equivalent Mutant, Mutation Testing, Stubborn Mutant}
}

@article{Yao2014b,
    title = {{A study of equivalent and stubborn mutation operators using human analysis of equivalence}},
    year = {2014},
    journal = {Proceedings - International Conference on Software Engineering},
    author = {Yao, Xiangjuan and Harman, Mark and Jia, Yue},
    number = {1},
    pages = {919--930},
    isbn = {9781450327565},
    doi = {10.1145/2568225.2568265},
    issn = {02705257},
    keywords = {Equivalent Mutant, Mutation Testing, Stubborn Mutant}
}

@article{Pizzoleto2019,
    title = {{A systematic literature review of techniques and metrics to reduce the cost of mutation testing}},
    year = {2019},
    journal = {Journal of Systems and Software},
    author = {Pizzoleto, Alessandro Viola and Ferrari, Fabiano Cutigi and Offutt, Jeff and Fernandes, Leo and Ribeiro, Márcio},
    pages = {110388},
    volume = {157},
    publisher = {Elsevier Inc.},
    url = {https://doi.org/10.1016/j.jss.2019.07.100},
    doi = {10.1016/j.jss.2019.07.100},
    issn = {01641212},
    keywords = {Cost reduction, Mutation analysis, Mutation testing, Systematic review}
}

@article{Alsabti1997,
    title = {{Electrical Engineering and Computer Science An efficient k-means clustering algorithm}},
    year = {1997},
    journal = {Electrical Engineering and Computer Science},
    author = {Alsabti, Khaled and Ranka, Sanjay and Singh, Vineet}
}

@article{Ma2016,
    title = {{Mutation testing cost reduction by clustering overlapped mutants}},
    year = {2016},
    journal = {Journal of Systems and Software},
    author = {Ma, Yu Seung and Kim, Sang Woon},
    pages = {18--30},
    volume = {115},
    publisher = {Elsevier Inc.},
    url = {http://dx.doi.org/10.1016/j.jss.2016.01.007},
    doi = {10.1016/j.jss.2016.01.007},
    issn = {01641212},
    keywords = {Mutation testing, Software testing}
}

@article{Wilinski2015,
    title = {{Toward Generalization of Mutant Clustering Results in Mutation Testing}},
    year = {2015},
    journal = {Advances in Intelligent Systems and Computing},
    author = {Wili{\'{n}}ski, Antoni},
    pages = {v-vi},
    volume = {342},
    isbn = {9783319151465},
    doi = {10.1007/978-3-319-15147-2},
    issn = {21945357},
    keywords = {c, mutant clustering, mutation operators, mutation testing}
}

@article{Kintis2016AnalysingStudy,
    title = {{Analysing and comparing the effectiveness of mutation testing tools: A manual study}},
    year = {2016},
    journal = {Proceedings - 2016 IEEE 16th International Working Conference on Source Code Analysis and Manipulation, SCAM 2016},
    author = {Kintis, Marinos and Papadakis, Mike and Papadopoulos, Andreas and Valvis, Evangelos and Malevris, Nicos},
    pages = {147--156},
    publisher = {IEEE},
    isbn = {9781509038503},
    doi = {10.1109/SCAM.2016.28}
}

@article{Just2014AreTesting,
    title = {{Are mutants a valid substitute for real faults in software testing?}},
    year = {2014},
    journal = {Proceedings of the ACM SIGSOFT Symposium on the Foundations of Software Engineering},
    author = {Just, René and Jalali, Darioush and Inozemtseva, Laura and Ernst, Michael D. and Holmes, Reid and Fraser, Gordon},
    pages = {654--665},
    volume = {16-21-Nove},
    isbn = {9781450330565},
    doi = {10.1145/2635868.2635929},
    keywords = {Code coverage, Mutation analysis, Real faults, Test effectiveness}
}

@article{Laurent2017AssessingPIT,
    title = {{Assessing and Improving the Mutation Testing Practice of PIT}},
    year = {2017},
    journal = {Proceedings - 10th IEEE International Conference on Software Testing, Verification and Validation, ICST 2017},
    author = {Laurent, Thomas and Papadakis, Mike and Kintis, Marinos and Henard, Christopher and Traon, Yves Le and Ventresque, Anthony},
    pages = {430--435},
    publisher = {IEEE},
    isbn = {9781509060313},
    doi = {10.1109/ICST.2017.47},
    arxivId = {1601.02351}
}

@book{Rodriguez2019ClusteringApproach,
    title = {{Clustering algorithms: A comparative approach}},
    year = {2019},
    booktitle = {PLoS ONE},
    author = {Rodriguez, Mayra Z. and Comin, Cesar H. and Casanova, Dalcimar and Bruno, Odemir M. and Amancio, Diego R. and Costa, Luciano da F. and Rodrigues, Francisco A.},
    number = {1},
    pages = {1--34},
    volume = {14},
    isbn = {1111111111},
    doi = {10.1371/journal.pone.0210236},
    issn = {19326203},
    pmid = {30645617},
    arxivId = {1612.08388}
}

@article{Kintis2016EffectiveMutation,
    title = {{Effective Methods to Tackle the Equivalent Mutant Problem when Testing Software with Mutation}},
    year = {2016},
    author = {Kintis, Marinos},
    number = {June}
}

@article{Rani2015ExperimentalJava,
    title = {{Experimental comparison of automated mutation testing tools for Java}},
    year = {2015},
    journal = {2015 4th International Conference on Reliability, Infocom Technologies and Optimization: Trends and Future Directions, ICRITO 2015},
    author = {Rani, Shweta and Suri, Bharti and Khatri, Sunil Kumar},
    pages = {1--6},
    publisher = {IEEE},
    isbn = {9781467372312},
    doi = {10.1109/ICRITO.2015.7359265},
    keywords = {Automated Tools, Mutation Score, Mutation Testing, Test Suite}
}

@article{Lipton1978HintsProgrammer,
    title = {{Hints on test data selection: Help for the practicing programmer}},
    year = {1978},
    journal = {Computer},
    author = {Lipton, Richard J. and Sayward, Frederick G.},
    number = {4},
    pages = {34--41},
    volume = {11},
    doi = {10.1109/C-M.1978.218136},
    issn = {00189162}
}

@article{Zaidman2008MiningCode,
    title = {{Mining software repositories to study co-evolution of production {\&} test code}},
    year = {2008},
    journal = {Proceedings of the 1st International Conference on Software Testing, Verification and Validation, ICST 2008},
    author = {Zaidman, Andy and Van Rompaey, Bart and Demeyer, Serge and Van Deursen, Arie},
    pages = {220--229},
    publisher = {IEEE},
    isbn = {076953127X},
    doi = {10.1109/ICST.2008.47}
}

@article{Marki2017MutationJava,
    title = {{Mutation tools for Java}},
    year = {2017},
    journal = {Proceedings of the ACM Symposium on Applied Computing},
    author = {M{\'{a}}rki, András and Lindstr{\"{o}}m, Birgitta},
    pages = {1364--1371},
    volume = {Part F1280},
    isbn = {9781450344869},
    doi = {10.1145/3019612.3019825},
    keywords = {Case study, Java, Mutation testing, Mutation tool}
}

@article{Spadini2018OnQuality,
    title = {{On the relation of test smells to software code quality}},
    year = {2018},
    journal = {Proceedings - 2018 IEEE International Conference on Software Maintenance and Evolution, ICSME 2018},
    author = {Spadini, Davide and Palomba, Fabio and Zaidman, Andy and Bruntink, Magiel and Bacchelli, Alberto},
    pages = {1--12},
    publisher = {IEEE},
    isbn = {9781538678701},
    doi = {10.1109/ICSME.2018.00010},
    keywords = {Automated testing, Code quality, test smells}
}

@article{Yu2019PossibilityScope,
    title = {{Possibility of cost reduction by mutant clustering according to the clustering scope}},
    year = {2019},
    journal = {Software Testing Verification and Reliability},
    author = {Yu, Misun and Ma, Yu Seung},
    number = {1-2},
    volume = {29},
    doi = {10.1002/stvr.1692},
    issn = {10991689},
    keywords = {mutant clustering, mutation testing, software testing}
}

@article{Zhang2019PredictiveTesting,
    title = {{Predictive Mutation Testing}},
    year = {2019},
    journal = {IEEE Transactions on Software Engineering},
    author = {Zhang, Jie and Zhang, Lingming and Harman, Mark and Hao, Dan and Jia, Yue and Zhang, Lu},
    number = {9},
    pages = {898--918},
    volume = {45},
    publisher = {IEEE},
    doi = {10.1109/TSE.2018.2809496},
    issn = {19393520},
    keywords = {PMT, binary classification, machine learning, mutation testing}
}

@article{Bertolino2007SoftwareDreams,
    title = {{Software testing research: Achievements, challenges, dreams}},
    year = {2007},
    journal = {FoSE 2007: Future of Software Engineering},
    author = {Bertolino, Antonia},
    pages = {85--103},
    isbn = {0769528295},
    doi = {10.1109/FOSE.2007.25}
}

@article{Wei2021SpectralTesting,
    title = {{Spectral clustering based mutant reduction for mutation testing}},
    year = {2021},
    journal = {Information and Software Technology},
    author = {Wei, Changqing and Yao, Xiangjuan and Gong, Dunwei and Liu, Huai},
    number = {November 2020},
    pages = {106502},
    volume = {132},
    publisher = {Elsevier B.V.},
    url = {https://doi.org/10.1016/j.infsof.2020.106502},
    doi = {10.1016/j.infsof.2020.106502},
    issn = {09505849},
    keywords = {Mutant reduction, Mutation testing, Spectral clustering}
}

@article{Chen2018SpeedingStudy,
    title = {{Speeding up Mutation Testing via Regression Test Selection: An Extensive Study}},
    year = {2018},
    journal = {Proceedings - 2018 IEEE 11th International Conference on Software Testing, Verification and Validation, ICST 2018},
    author = {Chen, Lingchao and Zhang, Lingming},
    pages = {58--69},
    publisher = {IEEE},
    isbn = {9781538650127},
    doi = {10.1109/ICST.2018.00016},
    keywords = {Dynamic Analysis, Mutation Testing, Regression Test Selection, Regression Testing, Static Analysis}
}

@article{Horvath2015TestMetrics,
    title = {{Test suite evaluation using code coverage based metrics}},
    year = {2015},
    journal = {CEUR Workshop Proceedings},
    author = {Horv{\'{a}}th, Ferenc and Vancsics, Béla and Vid{\'{a}}cs, László and Besz{\'{e}}des, Árpád and Tengeri, Dávid and Gergely, Tamás and Gyim{\'{o}}thy, Tibor},
    pages = {46--60},
    volume = {1525},
    issn = {16130073},
    keywords = {Code coverage, Regression testing, Test metrics, Test suite evaluation}
}